@online{1,
    title = {Coolidge side-window tube},
    url = {https://en.wikipedia.org/wiki/X-ray_tube#/media/File:WaterCooledXrayTube.svg}
    }