@article{FluidFlow,
    author = {D. Wilhelm and A. Purea and F. Engelke},
    year = {2015},
    month = {06},
    pages = {},
    title = {Fluid flow dynamics in MAS systems},
    volume = {257},
    journal = {Journal of Magnetic Resonance},
    doi = {10.1016/j.jmr.2015.05.006}
}

@book{KeelerNMR,
    title = {Understanding NMR Spectroscopy},
    author = {J. Keeler},
    institution = {University of Cambridge, Department of Chemistry},
    publisher = {Wiley},
    date = 2002
}

% DLS
 
@online{ViscosityH2O,
    title = {List of viscosities},
    url = {https://en.wikipedia.org/wiki/List_of_viscosities},
    urldate = {2022-11-28}
}

@online{RefractiveIndexH2O,
    title = {List of refractive indices},
    url = {https://en.wikipedia.org/wiki/List_of_refractive_indices},
    urldate = {2023-01-19}
}

@manual{LabGuideDLS,
    title = {Dynamische Lichtstreuung (DLS) - Versuch zum Fortgeschrittenen Praktikum},
    author = {Sabrina Scherer},
    organization = {Universität des Saarlandes}
}

@manual{introDLS,
    title = {Dynamic Light Scattering: An Introduction in 30 Minutes},
    organization = {Malvern Instruments}
}

@manual{DLStraining,
    title = {Dynamic Light Scattering Training},
    author = {Dr. Ryan Shaw},
    organization = {Malvern Instruments}
}

@article{DLSPracticalGuide,
author = {Stetefeld, Jorg and McKenna, Sean and Patel, Trushar},
year = {2016},
month = {10},
pages = {1-19},
title = {Dynamic light scattering: a practical guide and applications in biomedical sciences},
volume = {8},
journal = {Biophysical Reviews},
doi = {10.1007/s12551-016-0218-6}
}

% XRD

@online{ErrorPropagation,
    title = {Propagation of Errors - Basic Rules},
    url = {https://courses.washington.edu/phys431/propagation_errors_UCh.pdf},
    urldate = {2022-12-29}
}

@manual{LabGuideXRD,
    title = {Röntgenbeugung},
    author = {Prof. Dr. R. Birringer},
    institution = {Universität des Saarlandes}
}

@online{CeriumOxide,
    title = {Cerium(IV) oxide},
    url = {https://en.wikipedia.org/wiki/Cerium(IV)_oxide},
    urldate = {2023-01-20}
}

@online{LatticeCsts,
    title = {Lattice constant},
    url = {https://en.wikipedia.org/wiki/Lattice_constant},
    urldate = {2023-01-20}
}

@online{VegardLaw,
    title = {Vegard's law},
    url = {https://en.wikipedia.org/wiki/Vegard\%27s_law},
    urldate = {2023-01-20}
}

% IR Spectroscopy

@manual{LabGuideInfraRedSpectroscopy,
    title = {Infrarotspektroskopie},
    author = {Dr. Klaus Schappert},
    organization = {Universität des Saarlandes}
}

@online{InfraredWikipedia,
    title = {Infrared},
    url = {https://en.wikipedia.org/wiki/Infrared},
    urldate = {2023-01-26}
}

@online{NASAInfrared,
    title = {Infrared Light},
    url = {https://www.nasa.gov/audience/forstudents/5-8/features/F_Infrared_Light_5-8.html},
    urldate = {2023-01-26}
}

@online{BlackBodyRadiationWikipedia,
    title = {Black-body radiation},
    url = {https://en.wikipedia.org/wiki/Black-body_radiation},
    urldate = {2023-01-26}
}

@online{FourierTransformInfraRedSpectroscopy,
    title = {Fourier-transform infrared spectroscopy},
    url = {https://en.wikipedia.org/wiki/Fourier-transform_infrared_spectroscopy},
    urldate = {2023-01-26}
}

@book{SakuraiModernQuantumMechanics,
    title = {Modern Quantum Mechanics},
    author = {J.J. Sakurai},
    publisher = {Addison-Wesley},
    edition = {Revised Edition},
    year = {1994}
}

@online{RigidRotorWikipedia,
    title = {Rigid rotor},
    url = {https://en.wikipedia.org/wiki/Rigid_rotor},
    urldate = {2023-01-26}
}

@book{IRSpektroskopieEineEinführung,
    title = {IR-Spektroskopie},
    subtitle = {Eine Einführung},
    author = {H. Günzler, H.-U. Gremlich},
    publisher = {Addison-Wesley},
    edition = {Vierte, vollständig überarbeitete und aktualisierte Auflage},
    year = {2003}
}

@manual{DuPontKaptonRefractiveIndex,
    title = {DuPont Kapton HN polyimide film},
    url = {https://www.dupont.com/content/dam/dupont/amer/us/en/products/ei-transformation/documents/DEC-Kapton-HN-datasheet.pdf},
    urldate = {2023-02-02},
    organization = {DuPont}
}

@online{KaptonRefractiveIndex,
    title = {Refractive index of Kapton},
    url = {https://refractiveindex.info/?shelf=other&book=Kapton&page=Smith},
    urldate = {2023-02-02}
}   

@online{FTIR_Schematic,
    title = {FTIR setup},
    url = {https://en.wikipedia.org/wiki/Fourier-transform_infrared_spectroscopy#/media/File:Fourier_transform_spectrometer.png},
    urldate = {2023-02-22}
}  

@online{HeptadecaneFusionTemp,
    title = {Heptadecane},
    url = {https://webbook.nist.gov/cgi/cbook.cgi?ID=C629787&Units=SI&Mask=4#ref-23},
    urldate = {2023-02-22}
}   

@article{doi:10.1021/ed073p804,
author = {Mina-Camilde, Nairmen and Manzanares I., Carlos and Caballero, Julio F.},
title = {Molecular Constants of Carbon Monoxide at v = 0, 1, 2, and 3: A Vibrational Spectroscopy Experiment in Physical Chemistry},
journal = {Journal of Chemical Education},
volume = {73},
number = {8},
pages = {804},
year = {1996},
doi = {10.1021/ed073p804},

URL = { 
        https://doi.org/10.1021/ed073p804
    
},
eprint = { 
        https://doi.org/10.1021/ed073p804
    
}

}