@misc{Franck,
	title = "Franckâ€“{Hertz} experiment",
	copyright = {Creative Commons Attribution-ShareAlike License},
	url = {https://en.wikipedia.org/w/index.php?title=Franck%E2%80%93Hertz_experiment&oldid=1065946239},
	urldate = {2022-03-20},
	journal = "Wikipedia",
	month = jan,
	year = {2022},
}
